<record><leader>00000cas a22000007a 4500</leader><controlfield tag="001">13077447</controlfield><controlfield tag="008">860129d19001907iaucr ne      0    0eng d</controlfield><datafield ind1=" " ind2=" " tag="010"><subfield code="a">sn 86060018 </subfield></datafield><datafield ind1=" " ind2=" " tag="040"><subfield code="a">INP</subfield><subfield code="b">eng</subfield><subfield code="c">INP</subfield><subfield code="d">OCLCQ</subfield></datafield><datafield ind1=" " ind2=" " tag="042"><subfield code="a">msc</subfield></datafield><datafield ind1="0" ind2=" " tag="130"><subfield code="a">Semi-weekly telegraph (Atlantic, Iowa)</subfield></datafield><datafield ind1="1" ind2="4" tag="245"><subfield code="a">The semi-weekly telegraph.</subfield></datafield><datafield ind1=" " ind2=" " tag="260"><subfield code="a">Atlantic, Iowa :</subfield><subfield code="b">Egan, Anderson &amp; Co.,</subfield><subfield code="c">1900-1907.</subfield></datafield><datafield ind1=" " ind2=" " tag="300"><subfield code="a">v. :</subfield><subfield code="b">ill.</subfield></datafield><datafield ind1=" " ind2=" " tag="310"><subfield code="a">Semiweekly</subfield></datafield><datafield ind1="0" ind2=" " tag="362"><subfield code="a">Vol. 29, no. 50 (Jan. 9, 1900)-Aug. 16, 1907.</subfield></datafield><datafield ind1=" " ind2=" " tag="500"><subfield code="a">Publisher varies.</subfield></datafield><datafield ind1=" " ind2=" " tag="515"><subfield code="a">Numbering omitted &lt;Oct. 1, 1901&gt;-Aug. 16, 1907.</subfield></datafield><datafield ind1=" " ind2=" " tag="752"><subfield code="a">United States</subfield><subfield code="b">Iowa</subfield><subfield code="c">Cass</subfield><subfield code="d">Atlantic.</subfield></datafield><datafield ind1="0" ind2=" " tag="775"><subfield code="t">Daily telegraph (Atlantic, Iowa)</subfield><subfield code="w">(DLC)sn 85049635</subfield></datafield><datafield ind1="0" ind2="0" tag="780"><subfield code="t">Weekly telegraph (Atlantic, Iowa)</subfield><subfield code="w">(DLC)sn 86060015</subfield></datafield><datafield ind1="0" ind2="0" tag="785"><subfield code="t">Telegraph (Atlantic, Iowa)</subfield><subfield code="w">(DLC)sn 86060312</subfield></datafield></record>